@book{github,
  title={Github Repository},
  author={Alex Boyd and Edgar Joya},
  url={https://github.com/eujc21/ECGR-4161.git},
  year={2014},
  publisher={https://github.com/eujc21/ECGR-4161.git}
}
